@book{intro_to_algorithm,
	author={Thomas Cormen,Charles Leiserson,Ronald Rivest,Clifford Stein},
	title={Introduction Ã  l'Algorithmique},
	year={2002},
	publisher={Dunod}}

@book{network_flow,
	author={Ravindra K. Ahuja,Thomas L. Magnanti,James B. Orlin},
	title={Network Flows: Theory, Algorithms, and Applications},
	year={1993},
	publisher={Prentice Hall}}
